%% This BibTeX bibliography file was created using BibDesk.
%% http://bibdesk.sourceforge.net/


%% Created for Steve at 2014-04-04 13:22:55 +1100 


%% Saved with string encoding Unicode (UTF-8) 



@inproceedings{ji2009accelerated,
	Author = {Ji, Shuiwang and Ye, Jieping},
	Booktitle = {Proceedings of the 26th Annual International Conference on Machine Learning},
	Date-Added = {2014-03-26 23:30:00 +0000},
	Date-Modified = {2014-03-26 23:30:00 +0000},
	Organization = {ACM},
	Pages = {457--464},
	Title = {An accelerated gradient method for trace norm minimization},
	Year = {2009}}

@article{lin2010augmented,
	Author = {Lin, Zhouchen and Chen, Minming and Ma, Yi},
	Date-Added = {2014-03-21 04:02:57 +0000},
	Date-Modified = {2014-03-21 04:02:57 +0000},
	Journal = {arXiv preprint arXiv:1009.5055},
	Title = {The augmented lagrange multiplier method for exact recovery of corrupted low-rank matrices},
	Year = {2010}}

@article{cai2010singular,
	Author = {Cai, Jian-Feng and Cand{\`e}s, Emmanuel J and Shen, Zuowei},
	Date-Added = {2014-03-21 04:02:23 +0000},
	Date-Modified = {2014-03-21 04:02:23 +0000},
	Journal = {SIAM Journal on Optimization},
	Number = {4},
	Pages = {1956--1982},
	Publisher = {SIAM},
	Title = {A singular value thresholding algorithm for matrix completion},
	Volume = {20},
	Year = {2010}}
